@Book{Bussysteme_in_der_Praxis,
  Title                    = {Bussysteme in der Praxis},
  Author                   = {Wilfried Klaas},
  Publisher                = {Franzis Verlag GmbH},
  Year                     = {2015},
  Owner                    = {Michi},
  Timestamp                = {2016.04.06}
}

@Book{Raspberri_Pi_Handbuch,
  Title                    = {Raspberry Pi 
Das umfassende Handbuch},
  Author                   = {Kofler and KÃ¼hnast and Scherbeck},
  Publisher                = {Rheinwerk Verlag GmbH, Bonn},
  Year                     = {2015},
  Owner                    = {Michi},
  Timestamp                = {2016.04.06}
}
@comment{jabref-meta: groupsversion:3;}

@comment{jabref-meta: groupstree:
0 AllEntriesGroup:;
1 ExplicitGroup:Automatically created groups\;2\;;
}

