% Encoding: UTF-8

@Electronic{Bild_BMA020,
  title =        {3-Achsen-Beschleunigungssensor},
  language =     {deutsch},
  organization = {ELV-/eQ-3-Gruppe},
  url =          {http://www.elv.de/3-achsen-beschleunigungssensor-3d-bs-komplettbausatz.html}
}

@Electronic{Bild_DS18S20,
  Title                    = {DS18S20 Temperature Sensor},
  Language                 = {englisch},
  Url                      = {http://www.smartliving.com.au/ds18b20-temperature-sensor.html}
}

@Electronic{Bild_HYT221,
  Title                    = {Feuchte- und Temperatursensor digital Hyt221},
  Language                 = {deutsch},
  Url                      = {http://www.voelkner.de/products/207755/Feuchte-und-Temperaturesensor-digital-Hyt-221.html}
}

@Electronic{Bluetooth_Low_Energy,
  Title                    = {Bluetooth Low Energy},
  Url                      = {https://www.bluetooth.com/what-is-bluetooth-technology/bluetooth-technology-basics/low-energy},
  Owner                    = {Michi},
  Timestamp                = {2016.04.18}
}


@Book{Bussysteme_in_der_Praxis,
  Title                    = {Bussysteme in der Praxis},
  Author                   = {Wilfried Klaas},
  Publisher                = {Franzis Verlag GmbH},
  Year                     = {2015},
  Owner                    = {Michi},
  Timestamp                = {2016.04.06}
}

@Manual{Datenblatt_BMA020,
  title =        {BMA020 Digital, triaxial acceleration sensor},
  organization = {Bosch Sensortec GmbH},
  edition =      {1.2},
  month =        may,
  year =         {2008}
}

@Manual{Datenblatt_DB18S20,
  Title                    = {DS18S20 High-Precision 1-Wire Digital Thermometer},
  Organization             = {Maxim Integrated Products},
  Year                     = {2015}
}

@Manual{Datenblatt_HYT221,
  Title                    = {HYGROCHIP DIGITALER FEUCHTESENSOR HYT-221},
  Month                    = {September},
  Organization             = {INNOVATIVE SENSOR TECHNOLOGY},
  Year                     = {2011},
  Owner                    = {Michi},
  Timestamp                = {2016.04.29}
}

@Electronic{Datenblatt_I2C_HYT221,
  month =        {May},
  year =         {2010},
  title =        {DIGITALER FEUCHTESENSOR PROTOKOLLBESCHREIBUNG I2C},
  language =     {deutsch},
  organization = {HYGROSENS INSTRUMENTS GmbH},
  url =          {http://www.hygrochip.com/fileadmin/user_upload/Produkte/Sensorelemente/Digitale_Feuchtesensoren/HYT_I2C_Protokollbeschreibung_D.pdf}
}

@Electronic{GPIO_Header_Bild,
  Title                    = {Raspberry Pi 3 Model B GPIO 40 Pin Block Pinout},
  Url                      = {https://www.element14.com/community/docs/DOC-73950/l/raspberry-pi-3-model-b-gpio-40-pin-block-pinout},
  Owner                    = {Michi},
  Timestamp                = {2016.04.18}
}

@Electronic{Hompage_RRDtool,
  author =       {Tobias Oetiker},
  month =        {September},
  year =         {2014},
  title =        {About RRDtool},
  language =     {englisch},
  organization = {OETIKER+PARTNER AG},
  url =          {http://oss.oetiker.ch/rrdtool/}
}

@Manual{I2C_Datenblatt,
  Title                    = {I2C-bus specification and user manual},
  Month                    = {April},
  Organization             = {NXP Semiconductor},
  Year                     = {2014},
  Owner                    = {Michi},
  Timestamp                = {2016.04.23}
}

@Book{Raspberri_Pi_Handbuch,
  Title                    = {Raspberry Pi 
Das umfassende Handbuch},
  Author                   = {Kofler and KÃ¼hnast and Scherbeck},
  Publisher                = {Rheinwerk Verlag GmbH, Bonn},
  Year                     = {2015},
  Owner                    = {Michi},
  Timestamp                = {2016.04.06}
}

@Electronic{RaspberryPiHomePage,
  Title                    = {RASPBERRY PI 3 MODEL B},
  Url                      = {https://www.raspberrypi.org/products/raspberry-pi-3-model-b/},
  Owner                    = {Michi},
  Timestamp                = {2016.04.17}
}

@Electronic{RPI_Bild,
  Title                    = {RASPBERRY PI 3 ON SALE NOW AT \$35},
  Author                   = {Eben Upton},
  Language                 = {Englisch},
  Month                    = {Februar},
  Url                      = {https://www.raspberrypi.org/blog/raspberry-pi-3-on-sale/},
  Year                     = {2016},
  Owner                    = {Michi},
  Timestamp                = {2016.04.17}
}

@Electronic{RPI_Verkaufszahlen,
  Title                    = {SENIOR PI},
  Author                   = {Liz Upton},
  Language                 = {Englisch},
  Month                    = {Oktober},
  Organization             = {Raspberry Pi Foundation},
  Url                      = {https://www.raspberrypi.org/blog/senior-pi/},
  Year                     = {2015},
  Owner                    = {Michi},
  Timestamp                = {2016.04.17}
}

@comment{jabref-meta: groupsversion:3;}

@comment{jabref-meta: groupstree:
0 AllEntriesGroup:;
1 ExplicitGroup:Automatically created groups\;2\;;
}

